@online{WI,
	author = {WhatIs.com},
        title = {What is Seebeck effect? - Definition from WhatIs.com},
	year = 2008,
	url = {https://searchnetworking.techtarget.com/definition/Seebeck-effect},
	urldate = {2019-09-17}
}
